@book{milner1980relating,
  title={{On relating synchrony and asynchrony}},
  author={Milner, Robin},
  year={1980},
  publisher={University of Edinburgh. Department of Computer Science}
}

@article{milner1983calculi,
  title={{Calculi for synchrony and asynchrony}},
  author={Milner, Robin},
  journal={Theoretical computer science},
  volume={25},
  number={3},
  pages={267--310},
  year={1983},
  publisher={Elsevier}
}

@article{kondratyev2002design,
  title={{Design of asynchronous circuits using synchronous CAD tools}},
  author={Kondratyev, Alex and Lwin, Kelvin},
  journal={IEEE Design \& Test of Computers},
  volume={19},
  number={4},
  pages={107--117},
  year={2002},
  publisher={IEEE}
}

@article{khomenko2006logic,
  title={{Logic synthesis for asynchronous circuits based on STG unfoldings and incremental SAT}},
  author={Khomenko, Victor and Koutny, Maciej and Yakovlev, Alex},
  journal={Fundamenta Informaticae},
  volume={70},
  number={1, 2},
  pages={49--73},
  year={2006},
  publisher={IOS Press}
}

@INPROCEEDINGS{tarawneh2017xprova,
author={G. Tarawneh and A. Mokhov},
booktitle={{2017 17th International Conference on Application of Concurrency to System Design (ACSD)}},
title={{Xprova: Formal Verification Tool with Built-in Metastability Modeling}},
year={2017},
volume={},
number={},
pages={74-79},
keywords={Clocks;Functional analysis;Integrated circuit modeling;Space exploration;Synchronization;Tools},
doi={10.1109/ACSD.2017.22},
ISSN={},
month={June},}

@article{cortadella1997petrify,
  title={{Petrify: a tool for manipulating concurrent specifications and synthesis of asynchronous controllers}},
  author={Cortadella, Jordi and Kishinevsky, Michael and Kondratyev, Alex and Lavagno, Luciano and Yakovlev, Alexandre},
  journal={IEICE Transactions on information and Systems},
  volume={80},
  number={3},
  pages={315--325},
  year={1997},
  publisher={The Institute of Electronics, Information and Communication Engineers}
}

@inproceedings{chau2017framework,
  title={{A Framework for Asynchronous Circuit Modeling and Verification in ACL2}},
  author={Chau, Cuong and Hunt, Warren A and Roncken, Marly and Sutherland, Ivan},
  booktitle={{Haifa Verification Conference}},
  pages={3--18},
  year={2017},
  organization={Springer}
}

@inproceedings{roncken2015naturalized,
  title={{Naturalized communication and testing}},
  author={Roncken, Marly and Gilla, Swetha Mettala and Park, Hoon and Jamadagni, Navaneeth and Cowan, Chris and Sutherland, Ivan},
  booktitle={{Asynchronous Circuits and Systems (ASYNC), 2015 21st IEEE International Symposium on}},
  pages={77--84},
  year={2015},
  organization={IEEE}
}

@inproceedings{dobkin2008assertion,
  title={{Assertion based verification of multiple-clock gals systems}},
  author={Dobkin, Reuven and Kapshitz, Tsachy and Flur, Shaked and Ginosar, Ran},
  booktitle={{Proc. IFIP/IEEE Int. Conference on Very Large Scale Integration (VLSI-SoC)}},
  year={2008}
}

@article{carmona2009elastic,
  title={{Elastic circuits}},
  author={Carmona, Josep and Cortadella, Jordi and Kishinevsky, Mike and Taubin, Alexander},
  journal={IEEE Transactions on Computer-Aided Design of Integrated Circuits and Systems},
  volume={28},
  number={10},
  pages={1437--1455},
  year={2009},
  publisher={IEEE}
}

@inproceedings{peeters2001synchronous,
  title={{Synchronous handshake circuits}},
  author={Peeters, Ad and Van Berkel, Kees},
  booktitle={{Asynchronus Circuits and Systems, 2001. ASYNC 2001. Seventh International Symposium on}},
  pages={86--95},
  year={2001},
  organization={IEEE}
}

@article{van2003adding,
  title={{Adding synchronous and LSSD modes to asynchronous circuits}},
  author={van Berkel, Kees and Peeters, Ad and te Beest, Frank},
  journal={Microprocessors and Microsystems},
  volume={27},
  number={9},
  pages={461--471},
  year={2003},
  publisher={Elsevier}
}

@inproceedings{verbeek2013formal,
  title={{Formal Deadlock Verification for Click Circuits}},
  author={Verbeek, Freek and Joosten, Sebastiaan and Schmaltz, Julien},
  booktitle={{Asynchronous Circuits and Systems (ASYNC), 2013 IEEE 19th International Symposium on}},
  pages={183--190},
  year={2013},
  organization={IEEE}
}

@article{burns2017structured,
  title={{A Structured Visual Approach to GALS Modeling and Verification of Communication Circuits}},
  author={Burns, Frank and Sokolov, Danil and Yakovlev, Alex},
  journal={IEEE Transactions on Computer-Aided Design of Integrated Circuits and Systems},
  volume={36},
  number={6},
  pages={938--951},
  year={2017},
  publisher={IEEE}
}

@inproceedings{poliakov2008automated,
  title={{Automated verification of asynchronous circuits using circuit Petri nets}},
  author={Poliakov, Ivan and Mokhov, Andrey and Rafiev, Ashur and Sokolov, Danil and Yakovlev, Alex},
  booktitle={{Asynchronous Circuits and Systems, 2008. ASYNC'08. 14th IEEE International Symposium on}},
  pages={161--170},
  year={2008},
  organization={IEEE}
}

@article{nowick2015asynchronous,
  title={{Asynchronous design -- Part 2: Systems and methodologies}},
  author={Nowick, Steven M and Singh, Montek},
  journal={IEEE Design \& Test},
  volume={32},
  number={3},
  pages={19--28},
  year={2015},
  publisher={IEEE}
}

@inproceedings{yakovlev2013advances,
  title={{Advances in asynchronous logic: From principles to GALS \& NoC, recent industry applications, and} commercial CAD tools},
  author={Yakovlev, Alex and Vivet, Pascal and Renaudin, Marc},
  booktitle={{Proceedings of the Conference on Design, Automation and Test in Europe}},
  pages={1715--1724},
  year={2013},
  organization={EDA Consortium}
}

@article{beerel2011proteus,
  title={{Proteus: An ASIC flow for GHz asynchronous designs}},
  author={Beerel, Peter A and Dimou, Georgios D and Lines, Andrew M},
  journal={IEEE Design \& Test of Computers},
  volume={28},
  number={5},
  pages={36--51},
  year={2011},
  publisher={IEEE}
}

@book{beerel2010designer,
  title={{A Designer's Guide to Asynchronous VLSI}},
  author={Beerel, Peter A and Ozdag, Recep O and Ferretti, Marcos},
  year={2010},
  publisher={Cambridge University Press}
}

@book{bardsley2000implementing,
  title={Implementing Balsa handshake circuits},
  author={Bardsley, Andrew},
  year={2000},
  publisher={University of Manchester}
}

@inproceedings{sokolov2015design,
  title={Design and verification of speed-independent multiphase buck controller},
  author={Sokolov, Danil and Khomenko, Victor and Mokhov, Andrey and Yakovlev, Alex and Lloyd, David},
  booktitle={Asynchronous Circuits and Systems (ASYNC), 2015 21st IEEE International Symposium on},
  pages={29--36},
  year={2015},
  organization={IEEE}
}

@article{gupta2006sat,
  title={Sat-based verification methods and applications in hardware verification},
  author={Gupta, Aarti and Ganai, Malay and Wang, Chao},
  journal={Formal Methods for Hardware Verification},
  pages={108--143},
  year={2006},
  publisher={Springer}
}

@article{khomenko2003model,
  title={Model checking based on prefixes of petri net unfoldings},
  author={Khomenko, Victor},
  year={2003},
  publisher={Newcastle University}
}

@article{mokhov2011flat,
  title={Flat arbiters},
  author={Mokhov, Andrey and Khomenko, Victor and Yakovlev, Alex},
  journal={Fundamenta Informaticae},
  volume={108},
  number={1-2},
  pages={63--90},
  year={2011},
  publisher={IOS Press}
}
